@misc{pham06,
  author = "Paul Pham",
  title  = "{CSE} 544 Project Proposal",
  year   = {2006}
}

@mastersthesis{oemer98,
   author = {Bernhard \"Omer},
   title  = "A Procedural Formalism for Quantum Computing",
   school = {Technische-Universit\"at Wien},
   type   = "Master's thesis",
   month  = "July",
   year   = "1998"
}

@phdthesis{oemer03,
   author = {Bernhard \"Omer},
   title  = "Structured Quantum Programming",
   school = {Technische-Universit\"at Wien},
   type   = "Ph.D. thesis",
   month  = "May",
   year   = "2003"
}

@misc{oemer00,
   author = {Bernhard \"Omer},
   title  = "Quantum Programming in {QCL}",
   school = {Technische-Universit\"at Wien},
   month  = "January",
   year   = "2000"
}

@incollection{ indyk04,
  author = "P. Indyk",
  title = "Nearest neighbors in high-dimensional spaces",
  editor = "Jacob E. Goodman and Joseph O'Rourke",
  booktitle = "Handbook of Discrete and Computational Geometry, chapter 39",
  publisher = "CRC Press", 
  note = "2rd edition",
  year = "2004",
  url = "citeseer.ifi.unizh.ch/indyk04nearest.html" }

@misc{durr96,
  author = {Christoph Durr and Peter Hoyer},
  title  = {A Quantum Algorithm for Finding the Minimum},
  eprint = {arXiv:quant-ph/9607014},
  year   = {1996}
}

@misc{knill95,
  author = {E. Knill},
  title  = {Approximation by Quantum Circuits},
  eprint = {arXiv:quant-ph/9508006},
  year   = {1995}
}

@misc{zalka99,
  author = "Christof Zalka",
  title  = "Could Grover's quantum algorithm help in searching an actual database?",
  eprint = {arXiv:quant-ph/9901068},
  year   = {1999}
}

@misc{vmh04,
  author = {George F. Viamontes and Igor L. Markov and John P. Hayes},
  title  = {Is Quantum Search Practical?},
  url    = {arXiv:quant-ph/0405001},
  year   = {2004}
}

@article{bbbgl98,
  author  = {Eli Biham and Ofer Biham and David Biron and Markus Grassl and
             Daniel A. Lidar},
  title   = {Grover's Quantum Search Algorithm for an Arbitrary Initial
             Amplitude Distribution},
  journal = {Physical Review A},
  volume  = {60},
  pages   = {2742},
  eprint  = {arXiv:quant-ph/9807027},
  year    = {1999}
}

@misc{bht98,
  author = {Gilles Brassard and Peter Hoyer and Alain Tapp},
  title  = {Quantum Counting},
  eprint = {arXiv:quant-ph/9805082},
  year   = {1998}
}

@misc{grover98,
  author = "Lov K. Grover",
  title  = "How fast can a quantum computer search?",
  year   = "1998",
  eprint = "arxiv:quant-ph/9906128" }

@article{lc99,
   author  = {H.-K. Lo and H.L. Chau},
   title   = {Unconditional security of quantum key distribution over
              arbitrarily long distances},
   journal = "Science",
   volume  = "283",
   pages   = "2050-2056",
   year    = "1999",
   eprint  = "arxiv:quant-ph/9803006"
}

@article{pippenger77,
   author  = {Nicholas Pippenger},
   title   = {Information Theory and the Complexity of Boolean Functions},
   journal = "Mathematical Systems Theory",
   volume  = "10",
   pages   = "129-167",
   year    = "1977"
}

@article{shannon49,
   author  = {Claude E. Shannon},
   title   = {The synthesis of two-terminal switching circuits},
   journal = "Bell Systems Technical Journal",
   volume  = "28",
   number  = "1",
   pages   = "59-98",
   year    = "1949"
}

@article{kw04,
  author = {Ioannis Kerenidis and Ronald de Wolf},
  title  = {Quantum symmetrically-private information retrieval},
  journal = "Journal of Computer Systems Science",
  pages   = "395-420",
  volume  = "69",
  number  = "3",
  year    = "2004",
  eprint  = "arxiv:quant-ph/0307076"
}

@article{cabello03,
  author = {Ad\'an Cabello},
  title  = {Solving the liar detection problem using the four qubit singlet
            state},
  journal = "Physical Review A",
  year    = "2003",
  volume  = "68",
  number  = "012304",
  eprint  = "arxiv:quant-ph/0210079"
}

@article{aaronson,
   author = {S. Aaronson},
   title = {Limitations of quantum advice and one-way communication},
   volume = 1,
   number = 1,
   pages = {1-28},
   journal = {Theory of Computing},
   year = {2005},
   eprint = {toc:v001/a001, quant-ph/432432}
}

@techreport{fggs99,
  author = {Edward Farhi and Jeffrey Goldstone and Sam Gutmann and Michael Sipser},
  title = {Invariant Quantum Algorithms for Insertion into an Ordered List},
  eprint = {arXiv:quant-ph/9901059},
  institution = {MIT},
  number = {MIT-CTP-2815},
  year   = {1999}
}

@misc{bbht96,
  author = {Michel Boyer and Giles Brassard and Peter H\/oyer and Alain Tapp},
  title  = "Tight bounds on quantum searching",
  month  = "May",
  year   = {1996},
  eprint = "arxiv:quant-ph/9605034" }

@misc{ambainis99,
  author = "Andris Ambainis",
  title  = "A better lower bound for quantum algorithms searching an ordered list",
  month  = "February",
  year   = {1999},
  eprint = "arxiv:quant-ph/9902053" }

@article{ grover96,
  author  = "Lov K. Grover",
  title   = "A fast quantum mechanical algorithm for database search",
  journal = "In Proceedings of 28th STOC",
  pages   = "212--219",
  month   = "May",
  year    = "1996",
  eprint  = "arxiv:quant-ph/9605043" }

@article{ gr04,
  author  = "Lov K. Grover and Jaikumar Radhakrishnan",
  title   = "Quantum search for multiple items using parallel queries",
  month   = "July",
  year    = "2004",
  eprint  = "arxiv:quant-ph/0407217" }

@article{ heiligman00,
  author  = "Mark Heiligman",
  title   = "Finding Matches between Two Databases on a Quantum Computer",
  month   = "June",
  year    = "2000",
  eprint  = "arxiv:quant-ph/0006136" }

@article{ bcwz99,
  author  = "Harry Buhrman, Richard Cleve, Ronald de Wolf, Christof Zalka",
  title   = "Bounds for Small-Error and Zero-Error Quantum Algorithm",
  month   = "August",
  year    = "1999",
  eprint  = "arxiv:cs.CC/9904019" }

@book{nc00,
   author    = "Michael A. Nielsen and Isaac L. Chuang",
   title     = "Quantum Computation and Quantum Information",
   publisher = "Cambridge University Press",
   address   = "Cambridge, U.K.",
   year      = "2000"
}

@article{ buhrman99lower,
  author  = "Harry Buhrman and Ronald de Wolf",
  title   = "A lower bound for quantum search of an ordered list",
  journal = "Information Processing Letters",
  volume  = "70",
  number  = "5",
  pages   = "205--209",
  year    = "1999",
  url     = "http://citeseer.ist.psu.edu/buhrman99lower.html" }

<!-- Local IspellPersDict: .ispell-sequencer -->
